@article{gagliardi2019international,
  title = {The international race towards Exascale in Europe},
  author = {Gagliardi, Fabrizio and Moreto, Miquel and Olivieri, Mauro and Valero, Mateo},
  year = 2019,
  journal = {CCF Transactions on High Performance Computing},
  publisher = {Springer},
  pages = {1--11},
}
@article{gropp1996high,
  title = {A high-performance, portable implementation of the MPI message passing interface standard},
  author = {Gropp, William and Lusk, Ewing and Doss, Nathan and Skjellum, Anthony},
  year = 1996,
  journal = {Parallel computing},
  publisher = {North-Holland},
  volume = 22,
  number = 6,
  pages = {789--828},
}
@inproceedings{moreno2023toward,
  author = {Moreno, Matthew Andres and Rodriguez Papa, Santiago and Dolson, Emily},
  title = "{Toward Phylogenetic Inference of Evolutionary Dynamics at Scalens to Enable Phylogenetic Inference over Distributed Populations}",
  volume = {ALIFE 2023: The 2023 Conference on Artificial Life},
  series = {ALIFE 2023: The 2023 Conference on Artificial Life},
  year = {2023},
  month = {07},
}
@article{moreno2022hstrat,
  title={hstrat: a Python Package for phylogenetic inference on distributed digital evolution populations},
  author={Moreno, Matthew Andres and Dolson, Emily and Ofria, Charles},
  journal={Journal of Open Source Software},
  volume={7},
  number={80},
  pages={4866},
  year={2022}
}
@inproceedings{moreno2022hereditary,
  title={Hereditary stratigraphy: genome annotations to enable phylogenetic inference over distributed populations},
  author={Moreno, Matthew Andres and Dolson, Emily and Ofria, Charles},
  booktitle={Proceedings of the Genetic and Evolutionary Computation Conference Companion},
  pages={65--66},
  year={2022}
}
